%YAML 1.1
%TAG !u! tag:unity3d.com,2011:
--- !u!1 &978744039154837108
GameObject:
  m_ObjectHideFlags: 0
  m_CorrespondingSourceObject: {fileID: 0}
  m_PrefabInstance: {fileID: 0}
  m_PrefabAsset: {fileID: 0}
  serializedVersion: 6
  m_Component:
  - component: {fileID: 978744039154837097}
  - component: {fileID: 978744039154837098}
  - component: {fileID: 978744039154837099}
  - component: {fileID: 1907217179432932681}
  m_Layer: 0
  m_Name: OIL TEMP KNOB
  m_TagString: Throttle
  m_Icon: {fileID: 0}
  m_NavMeshLayer: 0
  m_StaticEditorFlags: 0
  m_IsActive: 1
--- !u!4 &978744039154837097
Transform:
  m_ObjectHideFlags: 0
  m_CorrespondingSourceObject: {fileID: 0}
  m_PrefabInstance: {fileID: 0}
  m_PrefabAsset: {fileID: 0}
  m_GameObject: {fileID: 978744039154837108}
  m_LocalRotation: {x: 0, y: 0, z: 0, w: 1}
  m_LocalPosition: {x: 0, y: 0, z: 0}
  m_LocalScale: {x: 1, y: 1, z: 1}
  m_Children:
  - {fileID: 5255566943081792487}
  m_Father: {fileID: 0}
  m_RootOrder: 0
  m_LocalEulerAnglesHint: {x: 0, y: 0, z: 0}
--- !u!114 &978744039154837098
MonoBehaviour:
  m_ObjectHideFlags: 0
  m_CorrespondingSourceObject: {fileID: 0}
  m_PrefabInstance: {fileID: 0}
  m_PrefabAsset: {fileID: 0}
  m_GameObject: {fileID: 978744039154837108}
  m_Enabled: 1
  m_EditorHideFlags: 0
  m_Script: {fileID: 11500000, guid: d85d6163433e1c44ab4c7711c1d77961, type: 3}
  m_Name: 
  m_EditorClassIdentifier: 
  leftIndexSelected: 0
  rightIndexSelected: 0
  redCol: 0
  greenCol: 0
  blueCol: 0
  clickingSound: {fileID: 8300000, guid: 91bcf4b2a640d74419b283dd659bcce4, type: 3}
  wrongSound: {fileID: 8300000, guid: 117096a3c5e23cd44b2d2a58d43aa903, type: 3}
  correctSound: {fileID: 8300000, guid: c6fd1c138ca04d84599a631885f7ef41, type: 3}
--- !u!82 &978744039154837099
AudioSource:
  m_ObjectHideFlags: 0
  m_CorrespondingSourceObject: {fileID: 0}
  m_PrefabInstance: {fileID: 0}
  m_PrefabAsset: {fileID: 0}
  m_GameObject: {fileID: 978744039154837108}
  m_Enabled: 1
  serializedVersion: 4
  OutputAudioMixerGroup: {fileID: 0}
  m_audioClip: {fileID: 0}
  m_PlayOnAwake: 0
  m_Volume: 1
  m_Pitch: 1
  Loop: 0
  Mute: 0
  Spatialize: 0
  SpatializePostEffects: 0
  Priority: 128
  DopplerLevel: 1
  MinDistance: 1
  MaxDistance: 500
  Pan2D: 0
  rolloffMode: 0
  BypassEffects: 0
  BypassListenerEffects: 0
  BypassReverbZones: 0
  rolloffCustomCurve:
    serializedVersion: 2
    m_Curve:
    - serializedVersion: 3
      time: 0
      value: 1
      inSlope: 0
      outSlope: 0
      tangentMode: 0
      weightedMode: 0
      inWeight: 0.33333334
      outWeight: 0.33333334
    - serializedVersion: 3
      time: 1
      value: 0
      inSlope: 0
      outSlope: 0
      tangentMode: 0
      weightedMode: 0
      inWeight: 0.33333334
      outWeight: 0.33333334
    m_PreInfinity: 2
    m_PostInfinity: 2
    m_RotationOrder: 4
  panLevelCustomCurve:
    serializedVersion: 2
    m_Curve:
    - serializedVersion: 3
      time: 0
      value: 0
      inSlope: 0
      outSlope: 0
      tangentMode: 0
      weightedMode: 0
      inWeight: 0.33333334
      outWeight: 0.33333334
    m_PreInfinity: 2
    m_PostInfinity: 2
    m_RotationOrder: 4
  spreadCustomCurve:
    serializedVersion: 2
    m_Curve:
    - serializedVersion: 3
      time: 0
      value: 0
      inSlope: 0
      outSlope: 0
      tangentMode: 0
      weightedMode: 0
      inWeight: 0.33333334
      outWeight: 0.33333334
    m_PreInfinity: 2
    m_PostInfinity: 2
    m_RotationOrder: 4
  reverbZoneMixCustomCurve:
    serializedVersion: 2
    m_Curve:
    - serializedVersion: 3
      time: 0
      value: 1
      inSlope: 0
      outSlope: 0
      tangentMode: 0
      weightedMode: 0
      inWeight: 0.33333334
      outWeight: 0.33333334
    m_PreInfinity: 2
    m_PostInfinity: 2
    m_RotationOrder: 4
--- !u!65 &1907217179432932681
BoxCollider:
  m_ObjectHideFlags: 0
  m_CorrespondingSourceObject: {fileID: 0}
  m_PrefabInstance: {fileID: 0}
  m_PrefabAsset: {fileID: 0}
  m_GameObject: {fileID: 978744039154837108}
  m_Material: {fileID: 0}
  m_IsTrigger: 1
  m_Enabled: 1
  serializedVersion: 2
  m_Size: {x: 0.010039574, y: 0.010082733, z: 0.016184706}
  m_Center: {x: 0, y: 0.00002157921, z: 0.008057851}
--- !u!65 &978744039194274034
BoxCollider:
  m_ObjectHideFlags: 0
  m_CorrespondingSourceObject: {fileID: 0}
  m_PrefabInstance: {fileID: 0}
  m_PrefabAsset: {fileID: 0}
  m_GameObject: {fileID: 9130168166775517684}
  m_Material: {fileID: 0}
  m_IsTrigger: 0
  m_Enabled: 1
  serializedVersion: 2
  m_Size: {x: 0.010039574, y: 0.010082733, z: 0.0053057503}
  m_Center: {x: -2.3283064e-10, y: 0.000021579215, z: 0.0026183738}
--- !u!1001 &978744039194274045
PrefabInstance:
  m_ObjectHideFlags: 0
  serializedVersion: 2
  m_Modification:
    m_TransformParent: {fileID: 978744039154837097}
    m_Modifications:
    - target: {fileID: -927199367670048503, guid: bb81eb2ec70d2fc478791982039c2810,
        type: 3}
      propertyPath: m_Name
      value: oil temp knob
      objectReference: {fileID: 0}
    - target: {fileID: -4216859302048453862, guid: bb81eb2ec70d2fc478791982039c2810,
        type: 3}
      propertyPath: m_LocalPosition.x
      value: 0
      objectReference: {fileID: 0}
    - target: {fileID: -4216859302048453862, guid: bb81eb2ec70d2fc478791982039c2810,
        type: 3}
      propertyPath: m_LocalPosition.y
      value: 0
      objectReference: {fileID: 0}
    - target: {fileID: -4216859302048453862, guid: bb81eb2ec70d2fc478791982039c2810,
        type: 3}
      propertyPath: m_LocalPosition.z
      value: 0
      objectReference: {fileID: 0}
    - target: {fileID: -4216859302048453862, guid: bb81eb2ec70d2fc478791982039c2810,
        type: 3}
      propertyPath: m_LocalRotation.x
      value: -0
      objectReference: {fileID: 0}
    - target: {fileID: -4216859302048453862, guid: bb81eb2ec70d2fc478791982039c2810,
        type: 3}
      propertyPath: m_LocalRotation.y
      value: -0
      objectReference: {fileID: 0}
    - target: {fileID: -4216859302048453862, guid: bb81eb2ec70d2fc478791982039c2810,
        type: 3}
      propertyPath: m_LocalRotation.z
      value: -0
      objectReference: {fileID: 0}
    - target: {fileID: -4216859302048453862, guid: bb81eb2ec70d2fc478791982039c2810,
        type: 3}
      propertyPath: m_LocalRotation.w
      value: 1
      objectReference: {fileID: 0}
    - target: {fileID: -4216859302048453862, guid: bb81eb2ec70d2fc478791982039c2810,
        type: 3}
      propertyPath: m_RootOrder
      value: 0
      objectReference: {fileID: 0}
    - target: {fileID: -4216859302048453862, guid: bb81eb2ec70d2fc478791982039c2810,
        type: 3}
      propertyPath: m_LocalEulerAnglesHint.x
      value: 0
      objectReference: {fileID: 0}
    - target: {fileID: -4216859302048453862, guid: bb81eb2ec70d2fc478791982039c2810,
        type: 3}
      propertyPath: m_LocalEulerAnglesHint.y
      value: 0
      objectReference: {fileID: 0}
    - target: {fileID: -4216859302048453862, guid: bb81eb2ec70d2fc478791982039c2810,
        type: 3}
      propertyPath: m_LocalEulerAnglesHint.z
      value: 0
      objectReference: {fileID: 0}
    - target: {fileID: -4216859302048453862, guid: bb81eb2ec70d2fc478791982039c2810,
        type: 3}
      propertyPath: m_LocalScale.x
      value: 1
      objectReference: {fileID: 0}
    - target: {fileID: -4216859302048453862, guid: bb81eb2ec70d2fc478791982039c2810,
        type: 3}
      propertyPath: m_LocalScale.y
      value: 1
      objectReference: {fileID: 0}
    - target: {fileID: -4216859302048453862, guid: bb81eb2ec70d2fc478791982039c2810,
        type: 3}
      propertyPath: m_LocalScale.z
      value: 1
      objectReference: {fileID: 0}
    - target: {fileID: -1504981713932161579, guid: bb81eb2ec70d2fc478791982039c2810,
        type: 3}
      propertyPath: m_Materials.Array.data[0]
      value: 
      objectReference: {fileID: 2100000, guid: 60932650ace3de64d90a0b8684f60859, type: 2}
    m_RemovedComponents: []
  m_SourcePrefab: {fileID: 100100000, guid: bb81eb2ec70d2fc478791982039c2810, type: 3}
--- !u!1 &9130168166775517684 stripped
GameObject:
  m_CorrespondingSourceObject: {fileID: -927199367670048503, guid: bb81eb2ec70d2fc478791982039c2810,
    type: 3}
  m_PrefabInstance: {fileID: 978744039194274045}
  m_PrefabAsset: {fileID: 0}
--- !u!4 &5255566943081792487 stripped
Transform:
  m_CorrespondingSourceObject: {fileID: -4216859302048453862, guid: bb81eb2ec70d2fc478791982039c2810,
    type: 3}
  m_PrefabInstance: {fileID: 978744039194274045}
  m_PrefabAsset: {fileID: 0}
